@article{kunduakyildiz89,
  author = "Kundu, S. and Akyildiz, I.",
  title = "Deadlock buffer allocation in closed queueing networks.",
  year = "1989",
  journal = "Queueing systems",
  volume = "4",
  number = "1",
  pages = "47--56"
}

@article{liebeherrakyildiz95,
  author = "Liebeherr, J. and Akyildiz, I.",
  title = "Deadlock properties of queueing networks with finite capacities and multiple routing chains.",
  year = "1995",
  journal = "Queueing systems",
  volume = "20",
  number = "3-4",
  pages = "409--431"
}

@article{coffmanelphick71,
  author = "Coffman, E. and Elphick, M.",
  title = "System deadlocks.",
  year = "1971",
  journal = "Computing surveys",
  volume = "3",
  number = "2",
  pages = "67--78"
}

@article{choetal95,
  title = "Graph-theoretic deadlock detection and resolution for flexible manufacturing systems",
  author = "Cho, H. and Kumaran, T. and Wysk, R.",
  year = "1995",
  journal = "IEEE transactions on robotics and automation",
  volume=  "11",
  number = "3",
  pages = "413--421"
}

@book{stewart09,
  author = "Stewart, W.",
  title = "Probability, markov chains, queues, and simulation.",
  publisher = "Princeton university press",
  year = "2009"
}

@phdthesis{baber08,
  author  = "Baber, J.",
  title   = "Queues in series with blocking.",
  school  = "Cardiff University",
  year    = "2008"
}

@article{hunt56,
    author  = "Hunt, G.",
    title   = "Sequential arrays of waiting lines.",
    year    = "1956",
    journal = "Operations research",
    volume  = "4",
    number  = "6",
    pages   = "674--683"
}

@article{aviitzhakyadin65,
    author  = "Avi-Itzhak, B. and Yadin, M.",
    title   = "A sequence of two servers with no intermediate queue.",
    year    = "1965",
    journal = "Management science",
    volume  = "11",
    number  = "5",
    pages   = "553--564"
}

@article{koizumietal05,
    author  = "Koizumi, N. and Kuno, E. and Smith, T.E.",
    title   = "Modeling patient flows using a queueing network with blocking.",
    year    = "2005",
    journal = "Health care management science",
    volume  = "8",
    number  = "1",
    pages   = "49--60"
}

@article{latoucheneuts80,
    author  = "Latouche, G. and Neuts, M.",
    title   = "Efficient algorithmic solutions to exponential tandem queues with blocking.",
    year    = "1980",
    journal = "SIAM journal on algebraic discrete methods",
    volume  = "1",
    number  = "1",
    pages   = "93--106"
}

@article{takahashi80,
  author = "Takahashi, Y. and Miyahara, H. and Hasegawa, T.",
  title = "An approximation method for open restricted queueing networks.",
  year = "1980",
  journal = "Operations research",
  volume = "28",
  number = "3",
  pages = "594--602"
}

@article{korporaaletal00,
  author = "Korporaal, R. and Ridder, A. and Kloprogge, P. and Dekker, R.",
  title = "An analytic model for capacity planning of prisons in the Netherlands.",
  year = "2000",
  journal = "The journal of the operational research society",
  volume = "51",
  number = "11",
  pages = "1228--1237"
}

@article{kawadkaretal14,
  author = "Kawadkar, P. and Prasad, S. and Dwivedi, A.D.",
  title = "Deadlock avoidance based on Banker’s Algorithm for waiting state processes.",
  year = "2014",
  journal = "International journal of innovative science and modern engineering",
  volume = "2",
  number = "12"
}

@incollection{dijkstra82,
  title = "The mathematics behind the Banker’s algorithm",
  author = "Dijkstra, E.",
  booktitle = "Selected Writings on Computing: A Personal Perspective",
  pages = "308--312",
  year = "1982",
  publisher = "Springer"
}

@inproceedings{cheng90,
  title = "Task-wait-for graphs and their application to handling tasking deadlocks",
  author = "Cheng, J.",
  booktitle = "Proceedings of the conference on TRI-ADA'90",
  pages = "376--390",
  year = "1990",
  organization = "ACM"
}

@article{elmagarmid86,
  title = "A survey of distributed deadlock detection algorithms",
  author = "Elmagarmid, A.",
  journal = "ACM Sigmod Record",
  volume = "15",
  number = "3",
  pages = "37--45",
  year = "1986",
  publisher = "ACM"
}

@book{cameron94,
  title = "Combinatorics: topics, techniques, algorithms",
  author = "Cameron, P.",
  year = "1994",
  publisher = "Cambridge University Press"
}

@book{tan09,
  title = "Calculus",
  author = "Tan, S.T.",
  isbn = "9780495832294",
  year = "2009",
  publisher = "Brooks/Cole/Cengage Learning"
}

@article{onvural90,
  title = "Survey of closed queueing networks with blocking",
  author = "Onvural, R.",
  journal = "ACM Computing Surveys",
  volume = "22",
  number = "2",
  pages = "83--121",
  year = "1990"
}

@article{akyildiz89,
  title = "Product form approximations for queueing networks with multiple servers and blocking",
  author = "Akyildiz, I.",
  journal = "IEEE Transactions on Computers",
  volume = "38",
  number = "1",
  pages = "99--114",
  year = "1989"
}

@article{belik90,
  title = "An efficient deadlock avoidance technique",
  author = "Belik, F.",
  journal = "IEEE Transactions on Computers",
  volume = "39",
  number = "7",
  pages = "882--888",
  year = "1990"
}

@article{viswanadhametal90,
  title = "Deadlock prevention and deadlock avoidance in flexible manufacturing systems using petri net models",
  author = "Viswanadham, N. and Narahari, Y. and Johnson, T.L.",
  journal = "IEEE Transactions on Robotics and Automation",
  volume = "6",
  number = "6",
  pages = "713--723",
  year = "1990"
}

@article{ezpeletaetal02,
  title = "A Banker's solution for deadlock avoidance in FMS with flexible routing and multiresource states",
  author = "Ezpeleta, J. and Tricas, F. and García-Vallés, F. and Colom, J.M.",
  journal = "IEEE Transactions on Robotics and Automation",
  volume = "18",
  number = "4",
  pages = "621--625",
  year = "2002"
}

@article{perrosetal88,
  title = "Approximate analysis of product-form type queueing networks with blocking and deadlock",
  author = "Perros, H.G. and Nilsson, A.A. and Liu, Y.C.",
  journal = "Performance Evaluation",
  volume = "8",
  number = "1",
  pages = "19--39",
  year = "1988"
}

@article{onvuralperros86,
  title = "On equivalencies of blocking mechanisms in queueing networks with blocking",
  author = "Onvural, R. and Perros, H.G.",
  journal = "Operations Research Letters",
  volume = "5",
  number = "6",
  pages = "293--297",
  year = "1986"
}

@article{hongetal15,
  title = "Top Tips to Make Your Research Irreproducible",
  author = "Hong, N.P.C and Crick, T. and Gent, I.P. and Kotthoff, L.",
  journal = "arXiv preprint arXiv:1504.00062",
  year = "2015"
}